
@misc{peyton2003haskell,
  title={Haskell 98 language and libraries: the revised report},
  author={Peyton Jones, Simon and others},
  year={2003},
  publisher={Cambridge University Press Cambridge}
}

@article{shaikhha2019finally,
  title={Finally, a polymorphic linear algebra language},
  author={Shaikhha, Amir and Parreaux, Lionel},
  year={2019},
  publisher={Schloss Dagstuhl-Leibniz-Zentrum f{\"u}r Informatik}
}

@inproceedings{frigo1999cache,
  title={Cache-oblivious algorithms},
  author={Frigo, Matteo and Leiserson, Charles E and Prokop, Harald and Ramachandran, Sridhar},
  booktitle={40th Annual Symposium on Foundations of Computer Science (Cat. No. 99CB37039)},
  pages={285--297},
  year={1999},
  organization={IEEE}
}

@book{Awodey:2010:CT:2060081,
 author = {Awodey, Steve},
 title = {Category Theory},
 year = {2010},
 isbn = {0199237182, 9780199237180},
 edition = {2nd},
 publisher = {Oxford University Press, Inc.},
 address = {New York, NY, USA},
} 

@book{gilat2009matlab,
  title={MATLAB: An introduction with Applications},
  author={Gilat, Amos},
  year={2009},
  publisher={John Wiley \& Sons}
}

@article{oliveira2012towards,
  title={Towards a linear algebra of programming},
  author={Oliveira, Jos{\'e} N.},
  journal={Formal Aspects of Computing},
  volume={24},
  number={4-6},
  pages={433--458},
  year={2012},
  publisher={Springer}
}

@inproceedings{blondal2018deriving,
  title={Deriving via: or, how to turn hand-written instances into an anti-pattern},
  author={Bl{\"o}ndal, Baldur and L{\"o}h, Andres and Scott, Ryan},
  booktitle={Proceedings of the 11th ACM SIGPLAN International Symposium on Haskell},
  pages={55--67},
  year={2018}
}

@inproceedings{jones1993glasgow,
  title={The Glasgow Haskell compiler: a technical overview},
  author={Jones, SL Peyton and Hall, Cordy and Hammond, Kevin and Partain, Will and Wadler, Philip},
  booktitle={Proc. UK Joint Framework for Information Technology (JFIT) Technical Conference},
  volume={93},
  year={1993}
}

@article{andrey2019selective,
  author = {Mokhov, Andrey and Lukyanov, Georgy and Marlow, Simon and Dimino, Jeremie},
  title = {Selective Applicative Functors},
  journal = {Proc. ACM Program. Lang.},
  issue_date = {August 2019},
  volume = {3},
  number = {ICFP},
  month = jul,
  year = {2019},
  issn = {2475-1421},
  pages = {90:1--90:29},
  articleno = {90},
  numpages = {29},
  url = {http://doi.acm.org/10.1145/3341694},
  doi = {10.1145/3341694},
  acmid = {3341694},
  publisher = {ACM},
  address = {New York, NY, USA},
  keywords = {applicative functors, effects, monads, selective functors},
}

@inproceedings{augustsson2016experience,
  author    = {Lennart Augustsson and
               M{\aa}rten {\AA}gren},
  noeditor    = {Geoffrey Mainland},
  title     = {Experience report: types for a relational algebra library},
  booktitle={ACM SIGPLAN Notices},
  longbooktitle = {Proceedings of the 9th International Symposium on Haskell, Haskell
               2016, Nara, Japan, September 22-23, 2016},
  pages     = {127--132},
  publisher = {{ACM}},
  year      = {2016},
  url       = {https://doi.org/10.1145/2976002.2976016},
  doi       = {10.1145/2976002.2976016},
  timestamp = {Tue, 06 Nov 2018 16:58:22 +0100},
  biburl    = {https://dblp.org/rec/conf/haskell/AugustssonA16.bib},
  bibsource = {dblp computer science bibliography, https://dblp.org}
}

@inproceedings{dolan2013fun,
  title={Fun with semirings: a functional pearl on the abuse of linear algebra},
  author={Dolan, Stephen},
  booktitle={ICFP'13, Boston},
  pages={101--110},
  year={2013},
  publisher={ACM SIGPLAN Notices}
}

@inproceedings{macedo2010matrices,
  title={Matrices as Arrows!},
  author={Macedo, Hugo D. and Oliveira, Jos{\'e} N.},
  booktitle={International Conference on Mathematics of Program Construction},
  pages={271--287},
  year={2010},
  organization={Springer}
}

@book{Bird:1997:AP:248932,
 author = {Bird, Richard and de Moor, Oege},
 title = {Algebra of Programming},
 year = {1997},
 isbn = {0-13-507245-X},
 publisher = {Prentice-Hall, Inc.},
 address = {Upper Saddle River, NJ, USA},
}

@inproceedings{volkov2008benchmarking,
  author    = {Vasily Volkov and
               James Demmel},
  title     = {Benchmarking GPUs to tune dense linear algebra},
  booktitle = {Proc.\ {SC} 2008 {ACM/IEEE} Conf.\ on High Performance Computing},
  longbooktitle = {Proceedings of the {ACM/IEEE} Conference on High Performance Computing, {SC} 2008, November 15-21, 2008, Austin, Texas, {USA}},
  pages     = {31},
  publisher = {{IEEE/ACM}},
  year      = {2008},
  url       = {https://doi.org/10.1109/SC.2008.5214359},
  doi       = {10.1109/SC.2008.5214359},
  timestamp = {Wed, 16 Oct 2019 14:14:57 +0200},
  biburl    = {https://dblp.org/rec/conf/sc/VolkovD08.bib},
  bibsource = {dblp computer science bibliography, https://dblp.org}
}

@book{mac2013categories,
  title={Categories for the working mathematician},
  author={Mac Lane, Saunders},
  volume={5},
  year={2013},
  publisher={Springer Science \& Business Media}
}

@inproceedings{bove2009brief,
  title={A brief overview of Agda--a functional language with dependent types},
  author={Bove, Ana and Dybjer, Peter and Norell, Ulf},
  booktitle={International Conference on Theorem Proving in Higher Order Logics},
  pages={73--78},
  year={2009},
  publisher={Springer}
}

@book{milewski2018category,
  title={Category theory for programmers},
  author={Milewski, Bartosz},
  year={2018},
  note={Textbook available on-line: \url{http://tiny.cc/5letkz}}
}

@article{brady2013idris,
  title={Idris, a general-purpose dependently typed programming language: Design and implementation},
  author={Brady, Edwin},
  journal={Journal of functional programming},
  volume={23},
  number={5},
  pages={552--593},
  year={2013},
  publisher={Cambridge University Press}
}

@misc{sato2017depth,
  year={2017},
  title={An in-depth look at Google's first Tensor Processing Unit (TPU)},
  author={Sato, Kaz and Young, Cliff and Patterson, David},
  note={In \href{https://cloud.google.com/blog/products/gcp/an-in-depth-look-at-googles-first-tensor-processing-unit-tpu}{Google Cloud Big Data and Machine Learning Blog}. Access date: \today.},
  novolume={12}
}

@article{Oliveira2016KeepDC,
  title={"Keep definition, change category" - A practical approach to state-based system calculi},
  author={Jos{\'e} N. Oliveira and Victor C. Miraldo},
  journal={J. Log. Algebr. Meth. Program.},
  year={2016},
  volume={85},
  pages={449-474}
}

@misc{Armando2020,
  author = {Armando Santos},
  title = {Selective Functors \& Probabilistic Programming},
  year = {2020},
  publisher = {GitHub},
  note = {(In progress)},
  journal = {GitHub repository},
  howpublished = {\url{https://github.com/bolt12/master-thesis}},
  commit = {e1159abed522ff28f7df3559f0cf40a781de7e04}
}

@article{peyton2006simple,
  title={Simple unification-based type inference for GADTs},
  author={Peyton Jones, Simon and Vytiniotis, Dimitrios and Weirich, Stephanie and Washburn, Geoffrey},
  journal={ACM SIGPLAN Notices},
  volume={41},
  number={9},
  pages={50--61},
  year={2006},
  publisher={ACM New York, NY, USA}
}

@article{stolarek2015injective,
  title={Injective type families for Haskell},
  author={Stolarek, Jan and Peyton Jones, Simon and Eisenberg, Richard A},
  journal={ACM SIGPLAN Notices},
  volume={50},
  number={12},
  pages={118--128},
  year={2015},
  publisher={ACM New York, NY, USA}
}

@article{hall1996type,
  title={Type classes in Haskell},
  author={Hall, Cordelia V. and Hammond, Kevin and Peyton Jones, Simon L and Wadler, Philip L},
  journal={ACM Transactions on Programming Languages and Systems (TOPLAS)},
  volume={18},
  number={2},
  pages={109--138},
  year={1996},
  publisher={ACM New York, NY, USA}
}

@inproceedings{10.1145/3122955.3122956,
author = {Mokhov, Andrey},
title = {Algebraic Graphs with Class (Functional Pearl)},
year = {2017},
isbn = {9781450351829},
longpublisher = {Association for Computing Machinery},
publisher={ACM},
address = {New York, NY, USA},
url = {https://doi.org/10.1145/3122955.3122956},
doi = {10.1145/3122955.3122956},
longbooktitle = {Proceedings of the 10th ACM SIGPLAN International Symposium on Haskell},
pages = {2â€“13},
numpages = {12},
keywords = {graph theory, algebra, Haskell},
location = {Oxford, UK},
booktitle = {Haskell 2017}
}

@misc{ruiz2012introduction,
  title={Introduction to hmatrix},
  author={Ruiz, Alberto},
  year={2012}
}

@book{anderson1999lapack,
  title={LAPACK Users' guide},
  author={Anderson, Edward and Bai, Zhaojun and Bischof, Christian and Blackford, Susan and Dongarra, Jack and Du Croz, Jeremy and Greenbaum, Anne and Hammarling, Sven and McKenney, Alan and Sorensen, Danny},
  volume={9},
  year={1999},
  publisher={Siam}
}

@misc{jno-5,
  author    = {J.N. Oliveira}
, title     = {Program Design by Calculation}
, oldnote = {Draft of textbook in preparation (since 1998).}
, note = {Draft of textbook in preparation, current version: April 2018. Informatics Department, University of Minho.}
, restofnote = {The following chapters are already complete: {\em An introduction to pointfree programming}, \emph{Recursion in the pointfree style}, \emph{Why monads matter} and \emph{Quasi-inductive datatypes} \footnote{URL: \url{http://www.di.uminho.pt/~jno/ps/pdbc.pdf}.}}
, year = {2008}
}

@article{samet1984quadtree,
  title={The quadtree and related hierarchical data structures},
  author={Samet, Hanan},
  journal={ACM Computing Surveys (CSUR)},
  volume={16},
  number={2},
  pages={187--260},
  year={1984},
  publisher={ACM New York, NY, USA}
}


@inproceedings{jones2001playing,
  title={Playing by the rules: rewriting as a practical optimisation technique in GHC},
  author={Jones, Simon Peyton and Tolmach, Andrew and Hoare, Tony},
  booktitle={Haskell workshop},
  volume={1},
  publisher={ACM},
  pages={203--233},
  year={2001}
}

@article{MO13c
 , title = "Typing linear algebra: A biproduct-oriented approach"
 , author={Hugo D. Macedo and Jos\'e N. Oliveira}
 , longjournal = "Science of Computer Programming"
 , journal = "SCP"
 , pdf  = {/Users/jno/PS/MO12/MO12.pdf}
 , volume = "78"
 , number = "11",
pages = "2160--2191",
year = "2013",
doi = "http://dx.doi.org/10.1016/j.scico.2012.07.012"
 , noissn = "0167-6423"
 , nodoi = "10.1016/j.scico.2012.07.012"
 , nourl = "http://www.sciencedirect.com/science/article/pii/S0167642312001402"
 , longauthor = "Hugo Daniel Macedo and JosÃ© Nuno Oliveira"
 , keywords = "Linear algebra"
 , keywords = "Categories of matrices"
 , keywords = "Algebra of programming"
 , nonote = {In press. DOI:10.1016/j.scico.2012.07.012. \bibliometrics{SJR Q1 (Software)}}
}

@misc{A*18,
    title={Typed Linear Algebra for Efficient Analytical Querying},
author={J.M. Afonso and G.D. Fernandes and J.P. Fernandes and F. Oliveira and B. M. Ribeiro and R. Pontes and J.N. Oliveira and A.J. Proen\c ca},
    longauthor={JoÃ£o M. Afonso and Gabriel D. Fernandes and JoÃ£o P. Fernandes and Filipe Oliveira and Bruno M. Ribeiro and RogÃ©rio Pontes and JosÃ© N. Oliveira and Alberto J. ProenÃ§a},
    year={2018},
    note={arXiv:1809.00641 [cs.DB]},
    eprint={1809.00641},
    archivePrefix={arXiv},
    primaryClass={cs.DB}
}

@misc{COS20
   , title={Towards a Typed Linear Algebra Formal Semantics for Spreadsheets}
   , author={J. Cunha and J.N. Oliveira and J.A. Saraiva}
   , note = {In preparation}
   , year = {2020}
}

@misc{wiki:BayesianNetwork,
   author = "{Wikipedia}",
   title = "Bayesian network",
   year = "2020",
   url = {https://en.wikipedia.org/wiki/Bayesian_network},
   note = {(Accessed: 2020-02-16)}
}
 
@article{Kr07
  , shortauthor = {J. Kramer}
  , author = {Jeff Kramer}
  , title = {Is Abstraction the Key to Computing?}
  , journal = {Commun. ACM}
  , volume = 50
  , number = 4
  , pages = {37--42}
  , month = {April}
  , year = {2007}
}

@book{Da15,
author = {Davies, Tilman M.},
title = {The Book of R: A First Course in Programming and Statistics},
year = {2015},
isbn = {1593276516},
publisher = {No Starch Press},
address = {USA},
edition = {1st}
}

@inproceedings{Bu01,
 author = {Bussche, Jan Van den},
 shortauthor = {J. Bussche},
 title = {Applications of {Alfred Tarski}'s Ideas in Database Theory},
 booktitle = {CSL'01},
 longbooktitle = {CSL'01: Proceedings of the 15th International Workshop on Computer Science Logic},
 year = {2001},
 isbn = {3-540-42554-3},
 pages = {20--37},
 publisher = {Springer-Verlag},
 address = {London, UK},
}

@article{NBO20,
author = {A. Neri and R.S. Barbosa and J.N. Oliveira},
title = {{Compiling quantamorphisms for the IBM Q-Experience}},
longjournal ={IEEE Transactions on Software Engineering},
nojournal ={IEEE Trans. Soft. Eng.},
year = {2020},
note = {(Journal paper in preparation.)}
}

@book{Ba04a
, shortauthor    = "R.C. Backhouse"
, author    = "Roland C. Backhouse"
, title     = "Mathematics of Program Construction"
, year = "2004"
, publisher = "Univ.\ of Nottingham"
, note= {Draft of book in preparation. 608 pages}
}

@article{El18,
  author    = {Conal Elliott},
  title     = {The simple essence of automatic differentiation},
  journal   = {{PACMPL}},
  volume    = {2},
  number    = {{ICFP}},
  pages     = {70:1--70:29},
  year      = {2018},
  url       = {https://doi.org/10.1145/3236765},
  doi       = {10.1145/3236765},
  timestamp = {Wed, 21 Nov 2018 12:44:28 +0100},
  biburl    = {https://dblp.org/rec/journals/pacmpl/Elliott18.bib},
  bibsource = {dblp computer science bibliography, https://dblp.org}
}

@article{Hi13,
original_ref = {Hinze20132108},
title = "Adjoint folds and unfolds --- An extended study",
journal = "Science of Computer Programming",
volume = "78",
number = "11",
pages = "2108--2159",
year = "2013",
nonote = "Special section on Mathematics of Program Construction (MPC 2010) and Special section on methodological development of interactive systems from Interaccion 2011",
issn = "0167-6423",
nodoi = "http://dx.doi.org/10.1016/j.scico.2012.07.011",
nourl = "http://www.sciencedirect.com/science/article/pii/S0167642312001396",
author = "Ralf Hinze",
keywords = "Initial algebra",
keywords = "Fold",
keywords = "Final coalgebra",
keywords = "Unfold",
keywords = "Adjunction",
keywords = "Kan extension",
keywords = "Fusion",
keywords = "Haskell "
}

@misc{Ol18,
  author = {Jos\'e N. Oliveira}
, title     = {Compiling quantamorphisms for the {IBM Q}-Experience}
, year   = {2018}
, month  = {July}
, longnote   = {Talk at the IFIP WG 2.1 \#77 Meeting, Brandenburg (Germany).
        Joint work with A. Neri and R.S. Barbosa (\href{http://www4.di.uminho.pt/~jno/ps/wg21-77a-sl.pdf}{PDF})}
, note   = {Talk at the IFIP WG 2.1 \#77 Meeting, Brandenburg (Germany).
        Joint work with A. Neri and R.S. Barbosa}
}

@book{Ma71,
   KEY = "Ma71",
   AUTHOR = "Saunders MacLane",
   TITLE = "Categories for the Working Mathematician",
   longPUBLISHER = "Springer-Verlag",
   PUBLISHER = "Springer-Verlag",
   noADDRESS = "New-York",
   YEAR = "1971"
}

